@article{Reference1,
	Abstract = {We have developed an enhanced Littrow configuration extended cavity diode laser (ECDL) that can be tuned without changing the direction of the output beam. The output of a conventional Littrow ECDL is reflected from a plane mirror fixed parallel to the tuning diffraction grating. Using a free-space Michelson wavemeter to measure the laser wavelength, we can tune the laser over a range greater than 10 nm without any alteration of alignment.},
	Author = {C. J. Hawthorn and K. P. Weber and R. E. Scholten},
	Journal = {Review of Scientific Instruments},
	Month = {12},
	Number = {12},
	Numpages = {3},
	Pages = {4477--4479},
	Title = {Littrow Configuration Tunable External Cavity Diode Laser with Fixed Direction Output Beam},
	Volume = {72},
	Url = {http://link.aip.org/link/?RSI/72/4477/1},
	Year = {2001}}


@article{Reference3,
	Abstract = {Operating a laser diode in an extended cavity which provides frequency-selective feedback is a very effective method of reducing the laser's linewidth and improving its tunability. We have developed an extremely simple laser of this type, built from inexpensive commercial components with only a few minor modifications. A 780~nm laser built to this design has an output power of 80~mW, a linewidth of 350~kHz, and it has been continuously locked to a Doppler-free rubidium transition for several days.},
	Author = {A. S. Arnold and J. S. Wilson and M. G. Boshier and J. Smith},
	Journal = {Review of Scientific Instruments},
	Month = {3},
	Number = {3},
	Numpages = {4},
	Pages = {1236--1239},
	Title = {A Simple Extended-Cavity Diode Laser},
	Volume = {69},
	Url = {http://link.aip.org/link/?RSI/69/1236/1},
	Year = {1998}}

@article{Reference2,
	Abstract = {We present a review of the use of diode lasers in atomic physics with an extensive list of references. We discuss the relevant characteristics of diode lasers and explain how to purchase and use them. We also review the various techniques that have been used to control and narrow the spectral outputs of diode lasers. Finally we present a number of examples illustrating the use of diode lasers in atomic physics experiments. Review of Scientific Instruments is copyrighted by The American Institute of Physics.},
	Author = {Carl E. Wieman and Leo Hollberg},
	Journal = {Review of Scientific Instruments},
	Keywords = {Diode Laser},
	Month = {1},
	Number = {1},
	Numpages = {20},
	Pages = {1--20},
	Title = {Using Diode Lasers for Atomic Physics},
	Volume = {62},
	Url = {http://link.aip.org/link/?RSI/62/1/1},
	Year = {1991}}

@article{christiaens1999fast,
	author={Christiaens, M and others},
	journal={Journal of Sys. Arch.},
	volume={45},
	number={10},
	pages={781--790},
	year={1999}
}

@misc{opencl,
	howpublished={\url{http://www.khronos.org/opencl}}
}

@article{jan2011gate,
	author={Jan, S and others},
	journal={Phys. Med. Biol.},
	volume={56},
	number={4},
	pages={881--901},
	year={2011}
}

@misc{ggems,
	howpublished={\url{http://ggems.fr}}
}

@article{ggems2,
	author={Bert, J and others},
	journal={Phys. Med. Biol.},
	volume={58},
	pages={5593--5611},
	year={2013}
}

@article{van2014reconstruction,
	author={Van Slambrouck, K and others},
	journal={IEEE Trans. Nucl. Sci.},
	volume={61},
	pages={173--181},
	year={2014}
}

@article{feldkamp1984practical,
	author={Feldkamp, LA and others},
	journal={JOSA A},
	volume={1},
	number={6},
	pages={612--619},
	year={1984}
}

@inproceedings{ronneberger2015u,
	title={U-net: Convolutional networks for biomedical image segmentation},
	author={Ronneberger, Olaf and Fischer, Philipp and Brox, Thomas},
	booktitle={International Conference on Medical image computing and computer-assisted intervention},
	pages={234--241},
	year={2015},
	organization={Springer}
}

@inproceedings{isola2017image,
	title={Image-to-image translation with conditional adversarial networks},
	author={Isola, Phillip and Zhu, Jun-Yan and Zhou, Tinghui and Efros, Alexei A},
	booktitle={Proceedings of the IEEE conference on computer vision and pattern recognition},
	pages={1125--1134},
	year={2017}
}

@article{zhu2018image,
	title={Image reconstruction by domain-transform manifold learning},
	author={Zhu, Bo and Liu, Jeremiah Z and Cauley, Stephen F and Rosen, Bruce R and Rosen, Matthew S},
	journal={Nature},
	volume={555},
	number={7697},
	pages={487},
	year={2018},
	publisher={Nature Publishing Group}
}

@article{haeggstroem2018deeprec,
	title={DeepRec: A deep encoder-decoder network for directly solving the {{PET}} reconstruction inverse problem},
	author={Haeggstroem, Ida and Schmidtlein, C Ross and Campanella, Gabriele and Fuchs, Thomas J},
	journal={arXiv preprint arXiv:1804.07851},
	year={2018}
}
@inproceedings{abadi2016tensorflow,
	title={Tensorflow: A system for large-scale machine learning},
	author={Abadi, Mart{\'\i}n and Barham, Paul and Chen, Jianmin and Chen, Zhifeng and Davis, Andy and Dean, Jeffrey and Devin, Matthieu and Ghemawat, Sanjay and Irving, Geoffrey and Isard, Michael and others},
	booktitle={12th $\{$USENIX$\}$ Symposium on Operating Systems Design and Implementation ($\{$OSDI$\}$ 16)},
	pages={265--283},
	year={2016}
}
@misc{chollet2015keras,
	title={Keras},
	author={Chollet, Fran\c{c}ois and others},
	year={2015},
	publisher={GitHub},
	howpublished={\url{https://github.com/fchollet/keras}},
}
@article{litjens2017survey,
	title={A survey on deep learning in medical image analysis},
	author={Litjens, Geert and Kooi, Thijs and Bejnordi, Babak Ehteshami and Setio, Arnaud Arindra Adiyoso and Ciompi, Francesco and Ghafoorian, Mohsen and Van Der Laak, Jeroen Awm and Van Ginneken, Bram and S{\'a}nchez, Clara I},
	journal={Medical image analysis},
	volume={42},
	pages={60--88},
	year={2017},
	publisher={Elsevier}
}
@article{dolz2018hyperdense,
	title={HyperDense-Net: a hyper-densely connected {CNN} for multi-modal image segmentation},
	author={Dolz, Jose and Gopinath, Karthik and Yuan, Jing and Lombaert, Herve and Desrosiers, Christian and Ayed, Ismail Ben},
	journal={IEEE Transactions on Radiation and Plasma Medical Sciences},
	volume={38},
	number={5},
	pages={1116--1126},
	year={2018},
	publisher={IEEE}
}
@article{guo2019deep,
	title={Deep learning-based image segmentation on multimodal medical imaging},
	author={Guo, Zhe and Li, Xiang and Huang, Heng and Guo, Ning and Li, Quanzheng},
	journal={IEEE Transactions on Radiation and Plasma Medical Sciences},
	volume={3},
	number={2},
	pages={162--169},
	year={2019},
	publisher={IEEE}
}
@article{gong2018pet,
	title={ {PET} image denoising using a deep neural network through fine tuning},
	author={Gong, Kuang and Guan, Jiahui and Liu, Chih-Chieh and Qi, Jinyi},
	journal={IEEE Transactions on Radiation and Plasma Medical Sciences},
	volume={3},
	number={2},
	pages={153--161},
	year={2018},
	publisher={IEEE}
}
@article{amyar20193,
	title={{3-D RPET-NET}: development of a {3-D PET} imaging convolutional neural network for radiomics analysis and outcome prediction},
	author={Amyar, A and Ruan, S and Gardin, I and Chatelain, C and Decazes, P and Modzelewski, R},
	journal={IEEE Transactions on Radiation and Plasma Medical Sciences},
	volume={3},
	number={2},
	pages={225--231},
	year={2019},
	publisher={IEEE}
}
@article{cui2018artificial,
	title={Artificial Neural Network With Composite Architectures for Prediction of Local Control in Radiotherapy},
	author={Cui, Sunan and Luo, Yi and Tseng, Huan-Hsin and Ten Haken, Randall K and El Naqa, Issam},
	journal={IEEE Transactions on Radiation and Plasma Medical Sciences},
	volume={3},
	number={2},
	pages={242--249},
	year={2018},
	publisher={IEEE}
}
@article{maier2018deep,
	title={Deep scatter estimation ({DSE}): Accurate real-time scatter estimation for {X-ray CT} using a deep convolutional neural network},
	author={Maier, Joscha and Sawall, Stefan and Knaup, Michael and Kachelrie{\ss}, Marc},
	journal={Journal of Nondestructive Evaluation},
	volume={37},
	number={3},
	pages={57},
	year={2018},
	publisher={Springer}
}
@article{li2020sacnn,
	title={{SACNN}: Self-Attention Convolutional Neural Network for Low-Dose {CT} Denoising with Self-supervised Perceptual Loss Network},
	author={Li, Meng and Hsu, William and Xie, Xiaodong and Cong, Jason and Gao, Wen},
	journal={IEEE Transactions on Medical Imaging},
	year={2020},
	publisher={IEEE}
}
@article{kadimesetty2018convolutional,
	title={Convolutional neural network-based robust denoising of low-dose computed tomography perfusion maps},
	author={Kadimesetty, Venkata S and Gutta, Sreedevi and Ganapathy, Sriram and Yalavarthy, Phaneendra K},
	journal={IEEE Transactions on Radiation and Plasma Medical Sciences},
	volume={3},
	number={2},
	pages={137--152},
	year={2018},
	publisher={IEEE}
}
@article{hatt2018first,
	title={The first {MICCAI} challenge on {PET} tumor segmentation},
	author={Hatt, Mathieu and Laurent, Baptiste and Ouahabi, Anouar and Fayad, Hadi and Tan, Shan and Li, Laquan and Lu, Wei and Jaouen, Vincent and Tauber, Clovis and Czakon, Jakub and others},
	journal={Medical image analysis},
	volume={44},
	pages={177--195},
	year={2018},
	publisher={Elsevier}
}

@article{yang2018low,
	title={Low-dose {CT} image denoising using a generative adversarial network with Wasserstein distance and perceptual loss},
	author={Yang, Qingsong and Yan, Pingkun and Zhang, Yanbo and Yu, Hengyong and Shi, Yongyi and Mou, Xuanqin and Kalra, Mannudeep K and Zhang, Yi and Sun, Ling and Wang, Ge},
	journal={IEEE Transactions on Radiation and Plasma Medical Sciences},
	volume={37},
	number={6},
	pages={1348--1357},
	year={2018},
	publisher={IEEE}
}
@article{sinha2019multi,
	title={Multi-scale guided attention for medical image segmentation},
	author={Sinha, Ashish and Dolz, Jose},
	journal={arXiv preprint arXiv:1906.02849},
	year={2019}
}
@inproceedings{goodfellow2014generative,
	title={Generative adversarial nets},
	author={Goodfellow, Ian and Pouget-Abadie, Jean and Mirza, Mehdi and Xu, Bing and Warde-Farley, David and Ozair, Sherjil and Courville, Aaron and Bengio, Yoshua},
	booktitle={Advances in neural information processing systems},
	pages={2672--2680},
	year={2014}
}

@article{kim2018penalized,
	title={Penalized {PET} reconstruction using deep learning prior and local linear fitting},
	author={Kim, Kyungsang and Wu, Dufan and Gong, Kuang and Dutta, Joyita and Kim, Jong Hoon and Son, Young Don and Kim, Hang Keun and El Fakhri, Georges and Li, Quanzheng},
	journal={IEEE Transactions on Medical Imaging},
	volume={37},
	number={6},
	pages={1478--1487},
	year={2018},
	publisher={IEEE}
}
@inproceedings{chen2017low,
	title={Low-dose {CT} denoising with convolutional neural network},
	author={Chen, Hu and Zhang, Yi and Zhang, Weihua and Liao, Peixi and Li, Ke and Zhou, Jiliu and Wang, Ge},
	booktitle={2017 IEEE 14th International Symposium on Biomedical Imaging (ISBI 2017)},
	pages={143--146},
	year={2017},
	organization={IEEE}
}
@article{gong2019iterative,
	title={Iterative {PET} image reconstruction using convolutional neural network representation},
	author={Gong, Kuang and Guan, Jiahui and Kim, Kyungsang and Zhang, Xuezhu and Yang, Jaewon and Seo, Youngho and El Fakhri, Georges and Qi, Jinyi and Li, Quanzheng},
	journal={IEEE Transactions on Medical Imaging},
	volume={38},
	number={3},
	pages={675--685},
	year={2019},
	publisher={IEEE}
}

@inproceedings{chun2018deep,
	title={Deep {BCD}-net using identical encoding-decoding {CNN} structures for iterative image recovery},
	author={Chun, Yong and Fessler, Jeffrey A},
	booktitle={2018 IEEE 13th Image, Video, and Multidimensional Signal Processing Workshop (IVMSP)},
	pages={1--5},
	year={2018},
	organization={IEEE}
}

@inproceedings{whiteley2019direct,
	title={Direct image reconstruction from raw measurement data using an encoding transform refinement-and-scaling neural network},
	author={Whiteley, William and Gregor, Jens},
	booktitle={15th International Meeting on Fully Three-Dimensional Image Reconstruction in Radiology and Nuclear Medicine},
	volume={11072},
	pages={1107225},
	year={2019},
	organization={International Society for Optics and Photonics}
}


@inproceedings{xie2019generative,
	title={Generative adversarial networks based regularized image reconstruction for {PET}},
	author={Xie, Zhaoheng and Baikejiang, Reheman and Gong, Kuang and Zhang, Xuezhu and Qi, Jinyi},
	booktitle={15th International Meeting on Fully Three-Dimensional Image Reconstruction in Radiology and Nuclear Medicine},
	volume={11072},
	pages={110720P},
	year={2019},
	organization={International Society for Optics and Photonics}
}
@article{kostakoglu2015phase,
	title={A phase II study of 3-deoxy-3-18F-fluorothymidine {PET} in the assessment of early response of breast cancer to neoadjuvant chemotherapy: results from {ACRIN} 6688},
	author={Kostakoglu, Lale and Duan, Fenghai and Idowu, Michael O and Jolles, Paul R and Bear, Harry D and Muzi, Mark and Cormack, Jean and Muzi, John P and Pryma, Daniel A and Specht, Jennifer M and others},
	journal={Journal of Nuclear Medicine},
	volume={56},
	number={11},
	pages={1681--1689},
	year={2015},
	publisher={Soc Nuclear Med}
}

@inproceedings{perdios2018deep,
	title={Deep convolutional neural network for ultrasound image enhancement},
	author={Perdios, Dimitris and Vonlanthen, Manuel and Besson, Adrien and Martinez, Florian and Arditi, Marcel and Thiran, Jean-Philippe},
	booktitle={2018 IEEE International Ultrasonics Symposium (IUS)},
	pages={1--4},
	year={2018},
	organization={IEEE}
}
@inproceedings{ledig2017photo,
	title={Photo-realistic single image super-resolution using a generative adversarial network},
	author={Ledig, Christian and Theis, Lucas and Husz{\'a}r, Ferenc and Caballero, Jose and Cunningham, Andrew and Acosta, Alejandro and Aitken, Andrew and Tejani, Alykhan and Totz, Johannes and Wang, Zehan and others},
	booktitle={Proceedings of the IEEE conference on computer vision and pattern recognition},
	pages={4681--4690},
	year={2017}
}
@article{simonyan2014very,
	title={Very deep convolutional networks for large-scale image recognition},
	author={Simonyan, Karen and Zisserman, Andrew},
	journal={arXiv preprint arXiv:1409.1556},
	year={2014}
}
@inproceedings{lim2017enhanced,
	title={Enhanced deep residual networks for single image super-resolution},
	author={Lim, Bee and Son, Sanghyun and Kim, Heewon and Nah, Seungjun and Mu Lee, Kyoung},
	booktitle={Proceedings of the IEEE conference on computer vision and pattern recognition workshops},
	pages={136--144},
	year={2017}
}


@article{reader2020deep,
	title={Deep learning for PET image reconstruction},
	author={Reader, Andrew J and Corda, Guillaume and Mehranian, Abolfazl and da Costa-Luis, Casper and Ellis, Sam and Schnabel, Julia A},
	journal={IEEE Transactions on Radiation and Plasma Medical Sciences},
	volume={5},
	number={1},
	pages={1--25},
	year={2020},
	publisher={IEEE}
}
@article{leuschner2021quantitative,
	title={Quantitative Comparison of Deep Learning-Based Image Reconstruction Methods for Low-Dose and Sparse-Angle {CT} Applications},
	author={Leuschner, Johannes and Schmidt, Maximilian and Ganguly, Poulami Somanya and Andriiashen, Vladyslav and Coban, Sophia Bethany and Denker, Alexander and Bauer, Dominik and Hadjifaradji, Amir and Batenburg, Kees Joost and Maass, Peter and others},
	journal={Journal of Imaging},
	volume={7},
	number={3},
	pages={44},
	year={2021},
	publisher={Multidisciplinary Digital Publishing Institute}
}
@article{zhang2020review,
	title={A review on deep learning in medical image reconstruction},
	author={Zhang, Hai-Miao and Dong, Bin},
	journal={Journal of the Operations Research Society of China},
	pages={1--30},
	year={2020},
	publisher={Springer}
}

%%%%%% added by AB

@book{natterer2001mathematics,
	title={The Mathematics of Computerized Tomography},
	author={Natterer, F.},
	series={Classics in Applied Mathematics},
	year={2001},
	publisher={SIAM}
}

@article{fessler2000statistical,
	title={Statistical image reconstruction methods for transmission tomography},
	author={Fessler, J. A. and Sonka, M. and Fitzpatrick, J. M.},
	journal={Handbook of medical imaging},
	volume={2},
	pages={1--70},
	year={2000}
}

@article{shepp1982,
	author = {Shepp, L. A. and Vardi, Y.},
	title = {Maximum Likelihood Reconstruction for Emission Tomography},
	journal = {IEEE Transactions on Medical Imaging},
	year = {1982},
	volume = {1},
	number = {2},
	pages = {113--122},
}

@ARTICLE{depierro1995,
	author = {De Pierro, A. R.},
	title = {A modified expectation maximization algorithm for penalized likelihood estimation in emission tomography},
	journal = {IEEE Transactions on Medical Imaging},
	year = {1995},
	volume = {14},
	pages = {132--137},
	number = {1},
}

@article{litjens2017survey,
	title={A survey on deep learning in medical image analysis},
	author={Litjens, Geert and Kooi, Thijs and Bejnordi, Babak Ehteshami and Setio, Arnaud Arindra Adiyoso and Ciompi, Francesco and Ghafoorian, Mohsen and Van Der Laak, Jeroen Awm and Van Ginneken, Bram and S{\'a}nchez, Clara I},
	journal={Medical image analysis},
	volume={42},
	pages={60--88},
	year={2017},
	publisher={Elsevier}
}
@article{reader2020deep,
	title={Deep learning for {PET} image reconstruction},
	author={Reader, Andrew J and Corda, Guillaume and Mehranian, Abolfazl and da Costa-Luis, Casper and Ellis, Sam and Schnabel, Julia A},
	journal={IEEE Transactions on Radiation and Plasma Medical Sciences},
	volume={5},
	number={1},
	pages={1--25},
	year={2020},
	publisher={IEEE}
}
@article{greenspan2016guest,
	title={Guest editorial deep learning in medical imaging: Overview and future promise of an exciting new technique},
	author={Greenspan, Hayit and Van Ginneken, Bram and Summers, Ronald M},
	journal={IEEE Transactions on Medical Imaging},
	volume={35},
	number={5},
	pages={1153--1159},
	year={2016},
	publisher={IEEE}
}

@article{wang2020deep,
	title={Deep learning for tomographic image reconstruction},
	author={Wang, Ge and Ye, Jong Chul and De Man, Bruno},
	journal={Nature Machine Intelligence},
	volume={2},
	number={12},
	pages={737--748},
	year={2020},
	publisher={Nature Publishing Group}
}

@article{yedder2021deep,
	title={Deep learning for biomedical image reconstruction: A survey},
	author={Yedder, Hanene Ben and Cardoen, Ben and Hamarneh, Ghassan},
	journal={Artificial Intelligence Review},
	volume={54},
	number={1},
	pages={215--251},
	year={2021},
	publisher={Springer}
}
@article{leuschner2021quantitative,
	title={Quantitative Comparison of Deep Learning-Based Image Reconstruction Methods for Low-Dose and Sparse-Angle {CT} Applications},
	author={Leuschner, Johannes and Schmidt, Maximilian and Ganguly, Poulami Somanya and Andriiashen, Vladyslav and Coban, Sophia Bethany and Denker, Alexander and Bauer, Dominik and Hadjifaradji, Amir and Batenburg, Kees Joost and Maass, Peter and others},
	journal={Journal of Imaging},
	volume={7},
	number={3},
	pages={44},
	year={2021},
	publisher={Multidisciplinary Digital Publishing Institute}
}

@article{zhang2018sparse,
	title={A sparse-view {CT} reconstruction method based on combination of DenseNet and deconvolution},
	author={Zhang, Zhicheng and Liang, Xiaokun and Dong, Xu and Xie, Yaoqin and Cao, Guohua},
	journal={IEEE Transactions on Medical Imaging},
	volume={37},
	number={6},
	pages={1407--1417},
	year={2018},
	publisher={IEEE}
}
@article{xie2018artifact,
	title={Artifact removal using improved GoogLeNet for sparse-view {CT} reconstruction},
	author={Xie, Shipeng and Zheng, Xinyu and Chen, Yang and Xie, Lizhe and Liu, Jin and Zhang, Yudong and Yan, Jingjie and Zhu, Hu and Hu, Yining},
	journal={Scientific Reports},
	volume={8},
	number={1},
	pages={1--9},
	year={2018},
	publisher={Nature Publishing Group}
}
@inproceedings{liao2018adversarial,
	title={Adversarial sparse-view {CBCT} artifact reduction},
	author={Liao, Haofu and Huo, Zhimin and Sehnert, William J and Zhou, Shaohua Kevin and Luo, Jiebo},
	booktitle={International Conference on Medical Image Computing and Computer-Assisted Intervention},
	pages={154--162},
	year={2018},
	organization={Springer}
}
@article{jin2017deep,
	title={Deep convolutional neural network for inverse problems in imaging},
	author={Jin, Kyong Hwan and McCann, Michael T and Froustey, Emmanuel and Unser, Michael},
	journal={IEEE Transactions on Image Processing},
	volume={26},
	number={9},
	pages={4509--4522},
	year={2017},
	publisher={IEEE}
}
@article{adler2018learned,
	title={Learned primal-dual reconstruction},
	author={Adler, Jonas and {\"O}ktem, Ozan},
	journal={IEEE Transactions on Medical Imaging},
	volume={37},
	number={6},
	pages={1322--1332},
	year={2018},
	publisher={IEEE}
}
@article{gupta2018cnn,
	title={CNN-based projected gradient descent for consistent {CT} image reconstruction},
	author={Gupta, Harshit and Jin, Kyong Hwan and Nguyen, Ha Q and McCann, Michael T and Unser, Michael},
	journal={IEEE Transactions on Medical Imaging},
	volume={37},
	number={6},
	pages={1440--1453},
	year={2018},
	publisher={IEEE}
}
@inproceedings{cheng2017accelerated,
	title={Accelerated iterative image reconstruction using a deep learning based leapfrogging strategy},
	author={Cheng, Lishui and Ahn, Sangtae and Ross, Steven G and Qian, Hua and De Man, Bruno},
	booktitle={International conference on fully three-dimensional image reconstruction in radiology and nuclear medicine},
	pages={715--720},
	year={2017}
}
@article{chun2020momentum,
	title={Momentum-Net: Fast and convergent iterative neural network for inverse problems},
	author={Chun, Il Yong and Huang, Zhengyu and Lim, Hongki and Fessler, Jeff},
	journal={IEEE Transactions on Pattern Analysis and Machine Intelligence},
	year={2020},
	publisher={IEEE}
}
@article{aggarwal2018modl,
	title={MoDL: Model-based deep learning architecture for inverse problems},
	author={Aggarwal, Hemant K and Mani, Merry P and Jacob, Mathews},
	journal={IEEE Transactions on Medical Imaging},
	volume={38},
	number={2},
	pages={394--405},
	year={2018},
	publisher={IEEE}
}
@article{lee2018deep,
	title={Deep-neural-network-based sinogram synthesis for sparse-view {CT} image reconstruction},
	author={Lee, Hoyeon and Lee, Jongha and Kim, Hyeongseok and Cho, Byungchul and Cho, Seungryong},
	journal={IEEE Transactions on Radiation and Plasma Medical Sciences},
	volume={3},
	number={2},
	pages={109--119},
	year={2018},
	publisher={IEEE}
}
@article{li2019learning,
	title={Learning to reconstruct computed tomography images directly from sinogram data under a variety of data acquisition conditions},
	author={Li, Yinsheng and Li, Ke and Zhang, Chengzhu and Montoya, Juan and Chen, Guang-Hong},
	journal={IEEE Transactions on Medical Imaging},
	volume={38},
	number={10},
	pages={2469--2481},
	year={2019},
	publisher={IEEE}
}
@inproceedings{fu2019hierarchical,
	title={A hierarchical approach to deep learning and its application to tomographic reconstruction},
	author={Fu, Lin and De Man, Bruno},
	booktitle={15th International Meeting on Fully Three-Dimensional Image Reconstruction in Radiology and Nuclear Medicine},
	volume={11072},
	pages={1107202},
	year={2019},
	organization={International Society for Optics and Photonics}
}
@inproceedings{thaler2018sparse,
	title={Sparse-view {CT} reconstruction using wasserstein GANs},
	author={Thaler, Franz and Hammernik, Kerstin and Payer, Christian and Urschler, Martin and {\v{S}}tern, Darko},
	booktitle={International workshop on machine learning for medical image reconstruction},
	pages={75--82},
	year={2018},
	organization={Springer}
}
@inproceedings{ye2018deep,
	title={Deep back projection for sparse-view {CT} reconstruction},
	author={Ye, Dong Hye and Buzzard, Gregery T and Ruby, Max and Bouman, Charles A},
	booktitle={2018 IEEE Global Conference on Signal and Information Processing (GlobalSIP)},
	pages={1--5},
	year={2018},
	organization={IEEE}
}
@inproceedings{arjovsky2017wasserstein,
	title={Wasserstein generative adversarial networks},
	author={Arjovsky, Martin and Chintala, Soumith and Bottou, L{\'e}on},
	booktitle={International conference on machine learning},
	pages={214--223},
	year={2017},
	organization={PMLR}
}
@inproceedings{ronneberger2015u,
	title={U-net: Convolutional networks for biomedical image segmentation},
	author={Ronneberger, Olaf and Fischer, Philipp and Brox, Thomas},
	booktitle={International Conference on Medical image computing and computer-assisted intervention},
	pages={234--241},
	year={2015},
	organization={Springer}
}
@inproceedings{jegou2017one,
	title={The one hundred layers tiramisu: Fully convolutional densenets for semantic segmentation},
	author={J{\'e}gou, Simon and Drozdzal, Michal and Vazquez, David and Romero, Adriana and Bengio, Yoshua},
	booktitle={Proceedings of the IEEE conference on computer vision and pattern recognition workshops},
	pages={11--19},
	year={2017}
}
@inproceedings{huang2017densely,
	title={Densely connected convolutional networks},
	author={Huang, Gao and Liu, Zhuang and Van Der Maaten, Laurens and Weinberger, Kilian Q},
	booktitle={Proceedings of the IEEE conference on computer vision and pattern recognition},
	pages={4700--4708},
	year={2017}
}
@inproceedings{johnson2016perceptual,
	title={Perceptual losses for real-time style transfer and super-resolution},
	author={Johnson, Justin and Alahi, Alexandre and Fei-Fei, Li},
	booktitle={European conference on computer vision},
	pages={694--711},
	year={2016},
	organization={Springer}
}
@article{yosinski2015understanding,
	title={Understanding neural networks through deep visualization},
	author={Yosinski, Jason and Clune, Jeff and Nguyen, Anh and Fuchs, Thomas and Lipson, Hod},
	journal={arXiv preprint arXiv:1506.06579},
	year={2015}
}
@article{simonyan2014very,
	title={Very deep convolutional networks for large-scale image recognition},
	author={Simonyan, Karen and Zisserman, Andrew},
	journal={arXiv preprint arXiv:1409.1556},
	year={2014}
}
@article{clark2013cancer,
	title={The Cancer Imaging Archive (TCIA): maintaining and operating a public information repository},
	author={Clark, Kenneth and Vendt, Bruce and Smith, Kirk and Freymann, John and Kirby, Justin and Koppel, Paul and Moore, Stephen and Phillips, Stanley and Maffitt, David and Pringle, Michael and others},
	journal={Journal of Digital Imaging},
	volume={26},
	number={6},
	pages={1045--1057},
	year={2013},
	publisher={Springer}
}
@misc{Lung20,
	author = {Li, P. and Wang, S. and Li, T. and Lu, J. and HuangFu, Y. and Wang, D.},
	title = { A Large-Scale {CT} and {PET/CT} Dataset for Lung Cancer Diagnosis},
	year = {2020},
	note = {data retrieved from  The Cancer Imaging Archive.,  
	\url{https://doi.org/10.7937/TCIA.2020.NNC2-0461}},
}
@article{van2016fast,
	title={Fast and flexible X-ray tomography using the ASTRA toolbox},
	author={Van Aarle, Wim and Palenstijn, Willem Jan and Cant, Jeroen and Janssens, Eline and Bleichrodt, Folkert and Dabravolski, Andrei and De Beenhouwer, Jan and Batenburg, K Joost and Sijbers, Jan},
	journal={Optics express},
	volume={24},
	number={22},
	pages={25129--25147},
	year={2016},
	publisher={Optical Society of America}
}
@inproceedings{abadi2016tensorflow,
	title={Tensorflow: A system for large-scale machine learning},
	author={Abadi, Mart{\'\i}n and Barham, Paul and Chen, Jianmin and Chen, Zhifeng and Davis, Andy and Dean, Jeffrey and Devin, Matthieu and Ghemawat, Sanjay and Irving, Geoffrey and Isard, Michael and others},
	booktitle={12th $\{$USENIX$\}$ Symposium on Operating Systems Design and Implementation ($\{$OSDI$\}$ 16)},
	pages={265--283},
	year={2016}
}
@misc{chollet2015keras,
	title={Keras},
	author={Chollet, Fran\c{c}ois and others},
	year={2015},
	publisher={GitHub},
	howpublished={\url{https://github.com/fchollet/keras}},
}
@inproceedings{deng2009imagenet,
	title={Imagenet: A large-scale hierarchical image database},
	author={Deng, Jia and Dong, Wei and Socher, Richard and Li, Li-Jia and Li, Kai and Fei-Fei, Li},
	booktitle={2009 IEEE conference on computer vision and pattern recognition},
	pages={248--255},
	year={2009},
	organization={Ieee}
}

@article{kandarpa2020dug,
	title={DUG-RECON: A Framework for Direct Image Reconstruction Using Convolutional Generative Networks},
	author={Kandarpa, VSS and Bousse, Alexandre and Benoit, Didier and Visvikis, Dimitris},
	journal={IEEE Transactions on Radiation and Plasma Medical Sciences},
	volume={5},
	number={1},
	pages={44--53},
	year={2020},
	publisher={IEEE}
}
@article{tang2009performance,
	title={Performance comparison between total variation ({TV})-based compressed sensing and statistical iterative reconstruction algorithms},
	author={Tang, Jie and Nett, Brian E and Chen, Guang-Hong},
	journal={Physics in Medicine \& Biology},
	volume={54},
	number={19},
	pages={5781},
	year={2009},
	publisher={IOP Publishing}
}

@article{schwab2019deep,
	title={Deep null space learning for inverse problems: convergence analysis and rates},
	author={Schwab, Johannes and Antholzer, Stephan and Haltmeier, Markus},
	journal={Inverse Problems},
	volume={35},
	number={2},
	pages={025008},
	year={2019},
	publisher={IOP Publishing}
}

@article{kim2014combining,
	title={Combining ordered subsets and momentum for accelerated {X}-ray {CT} image reconstruction},
	author={Kim, Donghwan and Ramani, Sathish and Fessler, Jeffrey A},
	journal={IEEE Transactions on Medical Imaging},
	volume={34},
	number={1},
	pages={167--178},
	year={2014},
	publisher={IEEE}
}


@article{Elbakri2002,
	author  = {Elbakri, I. A. and Fessler, J. A.},
	title   = {Statistical image reconstruction for polyenergetic {X}-ray computed tomography},
	journal = {IEEE Transactions on Medical Imaging},
	volume  = {21},
	number  = {2},
	pages   = {89-99},
	year    = {2002}
}

@article{nuyts1998iterative,
	title={Iterative reconstruction for helical CT: a simulation study},
	author={Nuyts, John and De Man, Bruno and Dupont, Patrick and Defrise, Michel and Suetens, Paul and Mortelmans, Luc},
	journal={Physics in Medicine \& Biology},
	volume={43},
	number={4},
	pages={729},
	year={1998},
	publisher={IOP Publishing}
}

@article{liu2013total,
	title={Total variation-{Stokes} strategy for sparse-view {X-ray} {CT} image reconstruction},
	author={Liu, Y. and Liang, Z. and Ma, J. and Lu, H. and Wang, K. and Zhang, H. and Moore, W.},
	journal={IEEE Transactions on Medical Imaging},
	volume={33},
	number={3},
	pages={749--763},
	year={2013},
	publisher={IEEE},
}
@inproceedings{zhu2017unpaired,
	title={Unpaired image-to-image translation using cycle-consistent adversarial networks},
	author={Zhu, Jun-Yan and Park, Taesung and Isola, Phillip and Efros, Alexei A},
	booktitle={Proceedings of the IEEE international conference on computer vision},
	pages={2223--2232},
	year={2017}
}
@article{guo2016deep,
	title={Deep learning for visual understanding: A review},
	author={Guo, Yanming and Liu, Yu and Oerlemans, Ard and Lao, Songyang and Wu, Song and Lew, Michael S},
	journal={Neurocomputing},
	volume={187},
	pages={27--48},
	year={2016},
	publisher={Elsevier}
}

@book{natterer2001mathematics,
	title={The Mathematics of Computerized Tomography},
	author={Natterer, F.},
	series={Classics in Applied Mathematics},
	year={2001},
	publisher={SIAM}
}

@article{fessler2000statistical,
	title={Statistical image reconstruction methods for transmission tomography},
	author={Fessler, J. A. and Sonka, M. and Fitzpatrick, J. M.},
	journal={Handbook of medical imaging},
	volume={2},
	pages={1--70},
	year={2000}
}

@article{shepp1982,
	author = {Shepp, L. A. and Vardi, Y.},
	title = {Maximum Likelihood Reconstruction for Emission Tomography},
	journal = {IEEE Transactions on Medical Imaging},
	year = {1982},
	volume = {1},
	number = {2},
	pages = {113--122},
}

@ARTICLE{depierro1995,
	author = {De Pierro, A. R.},
	title = {A modified expectation maximization algorithm for penalized likelihood estimation in emission tomography},
	journal = {IEEE Transactions on Medical Imaging},
	year = {1995},
	volume = {14},
	pages = {132--137},
	number = {1},
}
@article{rumelhart1986learning,
	title={Learning representations by back-propagating errors},
	author={Rumelhart, David E and Hinton, Geoffrey E and Williams, Ronald J},
	journal={nature},
	volume={323},
	number={6088},
	pages={533--536},
	year={1986},
	publisher={Nature Publishing Group}
}
@article{voulodimos2018deep,
	title={Deep learning for computer vision: A brief review},
	author={Voulodimos, Athanasios and Doulamis, Nikolaos and Doulamis, Anastasios and Protopapadakis, Eftychios},
	journal={Computational intelligence and neuroscience},
	volume={2018},
	year={2018},
	publisher={Hindawi}
}

@article{lecun1995convolutional,
	title={Convolutional networks for images, speech, and time series},
	author={LeCun, Yann and Bengio, Yoshua and others},
	journal={The handbook of brain theory and neural networks},
	volume={3361},
	number={10},
	pages={1995},
	year={1995}
}

@article{dumoulin2016guide,
	title={A guide to convolution arithmetic for deep learning},
	author={Dumoulin, Vincent and Visin, Francesco},
	journal={arXiv preprint arXiv:1603.07285},
	year={2016}
}

@article{lecun2015deep,
	title={Deep learning},
	author={LeCun, Yann and Bengio, Yoshua and Hinton, Geoffrey},
	journal={nature},
	volume={521},
	number={7553},
	pages={436--444},
	year={2015},
	publisher={Nature Publishing Group}
}
@article{whiteley2019cnn,
	title={CNN-based PET sinogram repair to mitigate defective block detectors},
	author={Whiteley, William and Gregor, Jens},
	journal={Physics in Medicine \& Biology},
	volume={64},
	number={23},
	pages={235017},
	year={2019},
	publisher={IOP Publishing}
}
@article{kingma2014adam,
	title={Adam: A method for stochastic optimization},
	author={Kingma, Diederik P and Ba, Jimmy},
	journal={arXiv preprint arXiv:1412.6980},
	year={2014}
}
@article{hornik1990universal,
	title={Universal approximation of an unknown mapping and its derivatives using multilayer feedforward networks},
	author={Hornik, Kurt and Stinchcombe, Maxwell and White, Halbert},
	journal={Neural networks},
	volume={3},
	number={5},
	pages={551--560},
	year={1990},
	publisher={Elsevier}
}
@inproceedings{long2015fully,
	title={Fully convolutional networks for semantic segmentation},
	author={Long, Jonathan and Shelhamer, Evan and Darrell, Trevor},
	booktitle={Proceedings of the IEEE conference on computer vision and pattern recognition},
	pages={3431--3440},
	year={2015}
}
@article{moen2021low,
	title={Low-dose CT image and projection dataset},
	author={Moen, Taylor R and Chen, Baiyu and Holmes III, David R and Duan, Xinhui and Yu, Zhicong and Yu, Lifeng and Leng, Shuai and Fletcher, Joel G and McCollough, Cynthia H},
	journal={Medical physics},
	volume={48},
	number={2},
	pages={902--911},
	year={2021},
	publisher={Wiley Online Library}
}

@article{kim2017low,
	title={Low-dose CT reconstruction using spatially encoded nonlocal penalty},
	author={Kim, Kyungsang and El Fakhri, Georges and Li, Quanzheng},
	journal={Medical physics},
	volume={44},
	number={10},
	pages={e376--e390},
	year={2017},
	publisher={Wiley Online Library}
}

@article{mccollough2016tu,
	title={TU-FG-207A-04: Overview of the Low Dose CT Grand Challenge},
	author={McCollough, C},
	journal={Medical physics},
	volume={43},
	number={6Part35},
	pages={3759--3760},
	year={2016},
	publisher={Wiley Online Library}
}

@article{antun2020instabilities,
	title={On instabilities of deep learning in image reconstruction and the potential costs of AI},
	author={Antun, Vegard and Renna, Francesco and Poon, Clarice and Adcock, Ben and Hansen, Anders C},
	journal={Proceedings of the National Academy of Sciences},
	volume={117},
	number={48},
	pages={30088--30095},
	year={2020},
	publisher={National Acad Sciences}
}

@article{wu2021drone,
	title={DRONE: Dual-domain residual-based optimization NEtwork for sparse-view CT reconstruction},
	author={Wu, Weiwen and Hu, Dianlin and Niu, Chuang and Yu, Hengyong and Vardhanabhuti, Varut and Wang, Ge},
	journal={IEEE Transactions on Medical Imaging},
	year={2021},
	publisher={IEEE}
}

@article{shepp1982maximum,
	title={Maximum likelihood reconstruction for emission tomography},
	author={Shepp, Lawrence A and Vardi, Yehuda},
	journal={IEEE Transactions on Medical Imaging},
	volume={1},
	number={2},
	pages={113--122},
	year={1982},
	publisher={IEEE}
}

@article{lange1984reconstruction,
	title={EM reconstruction algorithms for emission and transmission tomography},
	author={Lange, Kenneth and Carson, Richard and others},
	journal={J Comput Assist Tomogr},
	volume={8},
	number={2},
	pages={306--16},
	year={1984}
}

@article{nuyts1998iterative,
	title={Iterative reconstruction for helical CT: a simulation study},
	author={Nuyts, John and De Man, Bruno and Dupont, Patrick and Defrise, Michel and Suetens, Paul and Mortelmans, Luc},
	journal={Physics in Medicine \& Biology},
	volume={43},
	number={4},
	pages={729},
	year={1998},
	publisher={IOP Publishing}
}
@inproceedings{erdogan2002monotonic,
	title={Monotonic algorithms for transmission tomography},
	author={Erdogan, Hakan and Fessler, Jeffrey A},
	booktitle={5th IEEE EMBS International Summer School on Biomedical Imaging, 2002.},
	pages={14--pp},
	year={2002},
	organization={IEEE}
}
@article{gong2018pet2,
	title={PET image denoising using a deep neural network through fine tuning},
	author={Gong, Kuang and Guan, Jiahui and Liu, Chih-Chieh and Qi, Jinyi},
	journal={IEEE Transactions on Radiation and Plasma Medical Sciences},
	volume={3},
	number={2},
	pages={153--161},
	year={2018},
	publisher={IEEE}
}
@article{whiteley2020fastpet,
	title={FastPET: Near real-time PET reconstruction from histo-images using a neural network},
	author={Whiteley, William and Panin, Vladimir and Zhou, Chuanyu and Cabello, Jorge and Bharkhada, Deepak and Gregor, Jens},
	journal={arXiv preprint arXiv:2002.04665},
	year={2020}
}
@article{zhao2020study,
	title={Study of low-dose PET image recovery using supervised learning with CycleGAN},
	author={Zhao, Kui and Zhou, Long and Gao, Size and Wang, Xiaozhuang and Wang, Yaofa and Zhao, Xin and Wang, Huatao and Liu, Kanfeng and Zhu, Yunqi and Ye, Hongwei},
	journal={Plos one},
	volume={15},
	number={9},
	pages={e0238455},
	year={2020},
	publisher={Public Library of Science San Francisco, CA USA}
}
@inproceedings{qian2017deep,
	title={Deep learning models for PET scatter estimations},
	author={Qian, Hua and Rui, Xue and Ahn, Sangtae},
	booktitle={2017 IEEE Nuclear Science Symposium and Medical Imaging Conference (NSS/MIC)},
	pages={1--5},
	year={2017},
	organization={IEEE}
}
@article{hong2018enhancing,
	title={Enhancing the image quality via transferred deep residual learning of coarse PET sinograms},
	author={Hong, Xiang and Zan, Yunlong and Weng, Fenghua and Tao, Weijie and Peng, Qiyu and Huang, Qiu},
	journal={IEEE transactions on medical imaging},
	volume={37},
	number={10},
	pages={2322--2332},
	year={2018},
	publisher={IEEE}
}
@article{sanaat2021deeptofsino,
	title={DeepTOFSino: A deep learning model for synthesizing full-dose time-of-flight bin sinograms from their corresponding low-dose sinograms},
	author={Sanaat, Amirhossein and Shooli, Hossein and Ferdowsi, Sohrab and Shiri, Isaac and Arabi, Hossein and Zaidi, Habib},
	journal={NeuroImage},
	volume={245},
	pages={118697},
	year={2021},
	publisher={Elsevier}
}
@article{lee2018deep,
	title={Deep-neural-network-based sinogram synthesis for sparse-view CT image reconstruction},
	author={Lee, Hoyeon and Lee, Jongha and Kim, Hyeongseok and Cho, Byungchul and Cho, Seungryong},
	journal={IEEE Transactions on Radiation and Plasma Medical Sciences},
	volume={3},
	number={2},
	pages={109--119},
	year={2018},
	publisher={IEEE}
}
@article{xie2018artifact,
	title={Artifact removal using improved GoogLeNet for sparse-view CT reconstruction},
	author={Xie, Shipeng and Zheng, Xinyu and Chen, Yang and Xie, Lizhe and Liu, Jin and Zhang, Yudong and Yan, Jingjie and Zhu, Hu and Hu, Yining},
	journal={Scientific reports},
	volume={8},
	number={1},
	pages={1--9},
	year={2018},
	publisher={Nature Publishing Group}
}
@article{ma2021sinogram,
	title={Sinogram denoising via attention residual dense convolutional neural network for low-dose computed tomography},
	author={Ma, Yin-Jin and Ren, Yong and Feng, Peng and He, Peng and Guo, Xiao-Dong and Wei, Biao},
	journal={Nuclear Science and Techniques},
	volume={32},
	number={4},
	pages={1--14},
	year={2021},
	publisher={Springer}
}
@article{yang2018low,
	title={Low-dose CT image denoising using a generative adversarial network with Wasserstein distance and perceptual loss},
	author={Yang, Qingsong and Yan, Pingkun and Zhang, Yanbo and Yu, Hengyong and Shi, Yongyi and Mou, Xuanqin and Kalra, Mannudeep K and Zhang, Yi and Sun, Ling and Wang, Ge},
	journal={IEEE transactions on medical imaging},
	volume={37},
	number={6},
	pages={1348--1357},
	year={2018},
	publisher={IEEE}
}
@inproceedings{zhu2020low,
	title={Low-dose CT reconstruction with simultaneous sinogram and image domain denoising by deep neural network},
	author={Zhu, Jiongtao and Su, Ting and Deng, Xiaolei and Sun, Xindong and Zheng, Hairong and Liang, Dong and Ge, Yongshuai},
	booktitle={Medical Imaging 2020: Physics of Medical Imaging},
	volume={11312},
	pages={1131241},
	year={2020},
	organization={International Society for Optics and Photonics}
}
@article{wang2012penalized,
	title={Penalized likelihood PET image reconstruction using patch-based edge-preserving regularization},
	author={Wang, Guobao and Qi, Jinyi},
	journal={IEEE transactions on medical imaging},
	volume={31},
	number={12},
	pages={2194--2204},
	year={2012},
	publisher={IEEE}
}
@article{gong2018pet,
	title={PET image reconstruction using deep image prior},
	author={Gong, Kuang and Catana, Ciprian and Qi, Jinyi and Li, Quanzheng},
	journal={IEEE transactions on medical imaging},
	volume={38},
	number={7},
	pages={1655--1665},
	year={2018},
	publisher={IEEE}
}
@inproceedings{ulyanov2018deep,
	title={Deep image prior},
	author={Ulyanov, Dmitry and Vedaldi, Andrea and Lempitsky, Victor},
	booktitle={Proceedings of the IEEE conference on computer vision and pattern recognition},
	pages={9446--9454},
	year={2018}
}
@article{mehranian2020model,
	title={Model-Based Deep Learning PET Image Reconstruction Using Forward--Backward Splitting Expectation--Maximization},
	author={Mehranian, Abolfazl and Reader, Andrew J},
	journal={IEEE transactions on radiation and plasma medical sciences},
	volume={5},
	number={1},
	pages={54--64},
	year={2020},
	publisher={IEEE}
}
@article{chambolle2011first,
	title={A first-order primal-dual algorithm for convex problems with applications to imaging},
	author={Chambolle, Antonin and Pock, Thomas},
	journal={Journal of mathematical imaging and vision},
	volume={40},
	number={1},
	pages={120--145},
	year={2011},
	publisher={Springer}
}
@article{wu2021drone,
	title={DRONE: Dual-domain residual-based optimization network for sparse-view CT reconstruction},
	author={Wu, Weiwen and Hu, Dianlin and Niu, Chuang and Yu, Hengyong and Vardhanabhuti, Varut and Wang, Ge},
	journal={IEEE Transactions on Medical Imaging},
	volume={40},
	number={11},
	pages={3002--3014},
	year={2021},
	publisher={IEEE}
}